<record><leader>00000cas a22000007a 4500</leader><controlfield tag="001">17941232</controlfield><controlfield tag="008">880512d19371938ohuwr ne      0    0eng d</controlfield><datafield ind1=" " ind2=" " tag="010"><subfield code="a">sn 88077473 </subfield></datafield><datafield ind1=" " ind2=" " tag="040"><subfield code="a">ONP</subfield><subfield code="b">eng</subfield><subfield code="c">ONP</subfield><subfield code="d">OCLCQ</subfield></datafield><datafield ind1=" " ind2=" " tag="042"><subfield code="a">msc</subfield></datafield><datafield ind1="0" ind2="4" tag="245"><subfield code="a">The Western star and the Lebanon patriot.</subfield></datafield><datafield ind1=" " ind2=" " tag="260"><subfield code="a">Lebanon, Ohio :</subfield><subfield code="b">Brown Pub. Co.,</subfield><subfield code="c">1937-1938.</subfield></datafield><datafield ind1=" " ind2=" " tag="310"><subfield code="a">Weekly</subfield></datafield><datafield ind1="0" ind2=" " tag="362"><subfield code="a">131st year, no. 153 (Jan. 7, 1937)-132nd year, no. 52 (June 30, 1838).</subfield></datafield><datafield ind1=" " ind2=" " tag="752"><subfield code="a">United States</subfield><subfield code="b">Ohio</subfield><subfield code="c">Warren</subfield><subfield code="d">Lebanon.</subfield></datafield><datafield ind1="0" ind2="4" tag="780"><subfield code="t">Western star (Lebanon, Warren County, Ohio : 1899)</subfield><subfield code="w">(DLC)sn 85038198</subfield><subfield code="w">(OCoLC)11912537</subfield></datafield><datafield ind1="0" ind2="4" tag="780"><subfield code="t">Lebanon patriot (Lebanon, Warren County, Ohio : 1868)</subfield><subfield code="w">(DLC)sn 85034512</subfield><subfield code="w">(OCoLC)12957702</subfield></datafield><datafield ind1="0" ind2="0" tag="785"><subfield code="t">Western star (Lebanon, Warren County, Ohio : 1938)</subfield><subfield code="w">(DLC)sn 88077474</subfield><subfield code="w">(OCoLC)17941235</subfield></datafield></record>